<record><leader>00000nas a22000007i 4500</leader><controlfield tag="001">863646427</controlfield><controlfield tag="008">131121d18931896iluwr ne      |   z0cze  </controlfield><datafield ind1=" " ind2=" " tag="010"><subfield code="a">  2013273582</subfield></datafield><datafield ind1=" " ind2=" " tag="040"><subfield code="a">DLC</subfield><subfield code="b">eng</subfield><subfield code="e">rda</subfield><subfield code="c">DLC</subfield></datafield><datafield ind1="0" ind2=" " tag="022"><subfield code="a">2332-3337</subfield><subfield code="2">1</subfield></datafield><datafield ind1=" " ind2=" " tag="042"><subfield code="a">nsdp</subfield><subfield code="a">pcc</subfield></datafield><datafield ind1="1" ind2="0" tag="050"><subfield code="a">ISSN RECORD</subfield></datafield><datafield ind1="1" ind2="0" tag="082"><subfield code="a">973.049186</subfield><subfield code="2">23</subfield></datafield><datafield ind1=" " ind2="0" tag="222"><subfield code="a">Americky&#769;  obc&#780;an</subfield></datafield><datafield ind1="0" ind2="0" tag="245"><subfield code="a">Americky&#769;  obc&#780;an.</subfield></datafield><datafield ind1="1" ind2=" " tag="246"><subfield code="a">American citizen</subfield></datafield><datafield ind1=" " ind2="1" tag="264"><subfield code="a">Chicago :</subfield><subfield code="b">Orga&#769;n C&#780;eske&#769; Republika&#769;nske&#769; Liga v Chicago</subfield></datafield><datafield ind1=" " ind2=" " tag="310"><subfield code="a">Weekly</subfield></datafield><datafield ind1=" " ind2=" " tag="336"><subfield code="a">text</subfield><subfield code="b">txt</subfield><subfield code="2">rdacontent</subfield></datafield><datafield ind1=" " ind2=" " tag="337"><subfield code="a">unmediated</subfield><subfield code="b">n</subfield><subfield code="2">rdamedia</subfield></datafield><datafield ind1=" " ind2=" " tag="338"><subfield code="a">volume</subfield><subfield code="b">nc</subfield><subfield code="2">rdacarrier</subfield></datafield><datafield ind1="1" ind2=" " tag="362"><subfield code="a">Began in 1893; ceased in 1896.</subfield></datafield><datafield ind1=" " ind2=" " tag="588"><subfield code="a">Description based on surrogate of: Roc&#780;ni&#769;k 1 (1893); title from masthead.</subfield></datafield><datafield ind1=" " ind2=" " tag="588"><subfield code="a">Latest issue consulted: Roc&#780;ni&#769;k 1 (1893) (Surrogate).</subfield></datafield></record>